%% This BibTeX bibliography file was created using BibDesk.
%% http://bibdesk.sourceforge.net/


%% Created for MengHua at 2014-11-24 19:44:52 -0500 


%% Saved with string encoding Unicode (UTF-8) 

@inproceedings{1,
	Address = {Colorado Springs},
	Author = {P. Sundberg and T. Brox and M. Maire and P. Arbel{\'a}ez and J. Malik},
	Booktitle = {CVPR},
	Date-Modified = {2014-11-24 22:15:18 +0000},
	Month = {June},
	Pages = {2233--2240},
	Title = {Occlusion Boundary Detection and Figure/Ground Assignment from Optical Flow},
	Year = {2011}}

@inproceedings{2,
	Author = {Michael Maire and P. Arbel{\'a}ez and Charless Fowlkes and Jitendra Malik},
	Booktitle = {CVPR},
	Date-Added = {2014-11-24 22:18:38 +0000},
	Date-Modified = {2014-11-25 00:44:52 +0000},
	Month = {June},
	Pages = {1--8},
	Title = {Using Contours to Detect and Localize Junctions in Natural Images},
	Year = {2008}}

@inproceedings{3,
	Author = {David R. Martin and Charless C. Fowlkes and Jitendra Malik},
	Booktitle = {Pattern Analysis and Machine Intelligence, IEEE Transactions on},
	Date-Added = {2014-11-24 22:07:35 +0000},
	Date-Modified = {2014-11-25 00:44:47 +0000},
	Pages = {530--549},
	Title = {Learning to detect natural image boundaries using local brightness, color, and texture cues},
	Year = {2004}}

@inproceedings{4,
	Author = {P. Arbel{\'a}ez and M. Maire and C. Fowlkes and J. Malik},
	Booktitle = {CVPR},
	Date-Added = {2014-11-24 22:07:35 +0000},
	Date-Modified = {2014-11-25 00:44:47 +0000},
	Month = {June},
	Pages = {2294 - 2301},
	Title = {From contours to regions: An empirical evaluation},
	Year = {2009}}